% ResNet
@misc{ResNet,
      title={Deep Residual Learning for Image Recognition}, 
      author={Kaiming He and Xiangyu Zhang and Shaoqing Ren and Jian Sun},
      year={2015},
      eprint={1512.03385},
      archivePrefix={arXiv},
      primaryClass={cs.CV}
}

% DenseNet
@misc{DenseNet,
      title={Densely Connected Convolutional Networks}, 
      author={Gao Huang and Zhuang Liu and Laurens van der Maaten and Kilian Q. Weinberger},
      year={2018},
      eprint={1608.06993},
      archivePrefix={arXiv},
      primaryClass={cs.CV}
}

% Inception
@misc{Inception,
      title={Rethinking the Inception Architecture for Computer Vision}, 
      author={Christian Szegedy and Vincent Vanhoucke and Sergey Ioffe and Jonathon Shlens and Zbigniew Wojna},
      year={2015},
      eprint={1512.00567},
      archivePrefix={arXiv},
      primaryClass={cs.CV}
}

% AlexNet
@inproceedings{AlexNet,
     author = {Krizhevsky, Alex and Sutskever, Ilya and Hinton, Geoffrey E},
     booktitle = {Advances in Neural Information Processing Systems},
     editor = {F. Pereira and C. J. C. Burges and L. Bottou and K. Q. Weinberger},
     pages = {},
     publisher = {Curran Associates, Inc.},
     title = {ImageNet Classification with Deep Convolutional Neural Networks},
     url = {https://proceedings.neurips.cc/paper/2012/file/c399862d3b9d6b76c8436e924a68c45b-Paper.pdf},
     volume = {25},
     year = {2012}
}

% SqueezeNet
@misc{SqueezeNet,
      title={SqueezeNet: AlexNet-level accuracy with 50x fewer parameters and <0.5MB model size}, 
      author={Forrest N. Iandola and Song Han and Matthew W. Moskewicz and Khalid Ashraf and William J. Dally and Kurt Keutzer},
      year={2016},
      eprint={1602.07360},
      archivePrefix={arXiv},
      primaryClass={cs.CV}
}

% Related Work
@article{Rahman_2020,
   title={Transfer Learning with Deep Convolutional Neural Network (CNN) for Pneumonia Detection Using Chest X-ray},
   volume={10},
   ISSN={2076-3417},
   url={http://dx.doi.org/10.3390/app10093233},
   DOI={10.3390/app10093233},
   number={9},
   journal={Applied Sciences},
   publisher={MDPI AG},
   author={Rahman, Tawsifur and Chowdhury, Muhammad E. H. and Khandakar, Amith and Islam, Khandaker R. and Islam, Khandaker F. and Mahbub, Zaid B. and Kadir, Muhammad A. and Kashem, Saad},
   year={2020},
   month={May},
   pages={3233}
}

% CovidNet
@article{Wang2020,
	author={Wang, Linda and Lin, Zhong Qiu and Wong, Alexander},
	title={COVID-Net: a tailored deep convolutional neural network design for detection of COVID-19 cases from chest X-ray images},
	journal={Scientific Reports},
	year={2020},
	month={Nov},
	day={11},
	volume={10},
	number={1},
	pages={19549},
	issn={2045-2322},
	doi={10.1038/s41598-020-76550-z},
	url={https://doi.org/10.1038/s41598-020-76550-z}
}

% Kaggle Paper
@article {Soares2020,
	author = {Soares, Eduardo and Angelov, Plamen and Biaso, Sarah and Froes, Michele Higa and Abe, Daniel Kanda},
	title = {SARS-CoV-2 CT-scan dataset: A large dataset of real patients CT scans for SARS-CoV-2 identification},
	elocation-id = {2020.04.24.20078584},
	year = {2020},
	doi = {10.1101/2020.04.24.20078584},
	publisher = {Cold Spring Harbor Laboratory Press},
	URL = {https://www.medrxiv.org/content/early/2020/05/12/2020.04.24.20078584},
	eprint = {https://www.medrxiv.org/content/early/2020/05/12/2020.04.24.20078584.full.pdf},
	journal = {medRxiv}
}

% Kaggle Dataset
@misc{PlamenEduardo,
    title={SARS-COV-2 Ct-Scan Dataset},
    url={https://www.kaggle.com/dsv/1199870},
    DOI={10.34740/KAGGLE/DSV/1199870},
    publisher={Kaggle},
    author={Eduardo Soares and Plamen Angelov},
    year={2020}
}

% xDNN
@misc{xie2020explainable,
      title={Explainable Deep Learning: A Field Guide for the Uninitiated}, 
      author={Ning Xie and Gabrielle Ras and Marcel van Gerven and Derek Doran},
      year={2020},
      eprint={2004.14545},
      archivePrefix={arXiv},
      primaryClass={cs.LG}
}

% Adam
@misc{kingma2017adam,
      title={Adam: A Method for Stochastic Optimization}, 
      author={Diederik P. Kingma and Jimmy Ba},
      year={2017},
      eprint={1412.6980},
      archivePrefix={arXiv},
      primaryClass={cs.LG}
}